<?xml version="1.0" encoding="UTF-8"?><collection xmlns="http://www.loc.gov/MARC21/slim"><record><leader>00630nam--2200205-i-4500</leader><controlfield tag="001">000006072</controlfield><controlfield tag="002">20161230</controlfield><controlfield tag="005">20161230201026</controlfield><controlfield tag="008">060222s1000------------r-----000-0-fre-d</controlfield><datafield ind1=" " ind2=" " tag="040"><subfield code="a">IFIN-HH</subfield></datafield><datafield ind1=" " ind2=" " tag="041"><subfield code="a">fre</subfield></datafield><datafield ind1=" " ind2=" " tag="080"><subfield code="a">541.15.539.1.08</subfield></datafield><datafield ind1="1" ind2=" " tag="100"><subfield code="a">Gueben, G</subfield></datafield><datafield ind1="1" ind2="0" tag="245"><subfield code="a">La methode d'analyse par activation en utilisant les neutrons d'une source ra-be</subfield><subfield code="b">Monographie no.2</subfield><subfield code="c">G. gueben, j. govaerts</subfield></datafield><datafield ind1=" " ind2=" " tag="260"><subfield code="a">Bruxelles</subfield><subfield code="b">Institut Interuniversitaire Des Sciences Nucleaires</subfield><subfield code="c">1957</subfield></datafield><datafield ind1=" " ind2=" " tag="300"><subfield code="a">131P</subfield></datafield><datafield ind1=" " ind2=" " tag="490"><subfield code="a">Iisn - Monographie</subfield><subfield code="v">No.2</subfield></datafield><datafield ind1="1" ind2=" " tag="700"><subfield code="a">Govaerts, J</subfield></datafield><datafield ind1=" " ind2=" " tag="852"><subfield code="a">17834</subfield><subfield code="c">539</subfield></datafield><datafield ind1=" " ind2=" " tag="CAT"><subfield code="a">Sys</subfield><subfield code="c">20110927</subfield><subfield code="h">114756</subfield></datafield></record></collection>